<record><leader>00000cas a22000007a 4500</leader><controlfield tag="001">21665725</controlfield><controlfield tag="008">900601d18961919mouwr ne      0    0eng d</controlfield><datafield ind1=" " ind2=" " tag="010"><subfield code="a">sn 90061746 </subfield></datafield><datafield ind1=" " ind2=" " tag="040"><subfield code="a">MQN</subfield><subfield code="b">eng</subfield><subfield code="c">MQN</subfield><subfield code="d">OCLCQ</subfield></datafield><datafield ind1=" " ind2=" " tag="042"><subfield code="a">msc</subfield></datafield><datafield ind1="0" ind2=" " tag="130"><subfield code="a">Franklin County tribune (Union, Mo. : 1896)</subfield></datafield><datafield ind1="1" ind2="0" tag="245"><subfield code="a">Franklin County tribune.</subfield></datafield><datafield ind1=" " ind2=" " tag="260"><subfield code="a">Union, Mo. :</subfield><subfield code="b">Brown &amp; Calkins,</subfield><subfield code="c">1896-1919.</subfield></datafield><datafield ind1=" " ind2=" " tag="300"><subfield code="a">v.</subfield></datafield><datafield ind1=" " ind2=" " tag="310"><subfield code="a">Weekly</subfield></datafield><datafield ind1="0" ind2=" " tag="362"><subfield code="a">Vol. 10, no. 33 (Dec. 18, 1896)-v. 54, No. 8 (Feb. 28, 1919).</subfield></datafield><datafield ind1=" " ind2=" " tag="752"><subfield code="a">United States</subfield><subfield code="b">Missouri</subfield><subfield code="c">Franklin</subfield><subfield code="d">Union.</subfield></datafield><datafield ind1="0" ind2="0" tag="780"><subfield code="t">Tribune-republican (Union, Mo.)</subfield><subfield code="w">(DLC)sn 90061745</subfield></datafield><datafield ind1="0" ind2="7" tag="785"><subfield code="t">Republican headlight (Union, Mo.)</subfield><subfield code="w">(DLC)sn 90061747</subfield></datafield><datafield ind1="0" ind2="7" tag="785"><subfield code="t">Republican tribune (Union, Mo.)</subfield><subfield code="w">(DLC)sn 90061748</subfield></datafield></record>